<?xml version="1.0" encoding="UTF-8"?><collection xmlns="http://www.loc.gov/MARC21/slim"><record><leader>00449nam--2200157-i-4500</leader><controlfield tag="001">000047062</controlfield><controlfield tag="002">20161230</controlfield><controlfield tag="005">20161230201046</controlfield><controlfield tag="008">060222s1000------------r-----000-0-eng-d</controlfield><datafield ind1=" " ind2=" " tag="100"><subfield code="a">Vranceanu, Gh</subfield></datafield><datafield ind1=" " ind2=" " tag="245"><subfield code="a">Curs de geometrie analitica si proiectiva. vol.2. geometria in spatiu, curbe strimbe. suprafete</subfield></datafield><datafield ind1=" " ind2=" " tag="260"><subfield code="a">Bucuresti, Gobl, 1944</subfield></datafield><datafield ind1=" " ind2=" " tag="300"><subfield code="a">254 p</subfield></datafield><datafield ind1=" " ind2=" " tag="700"><subfield code="a">Gheorghe Vranceanu</subfield></datafield><datafield ind1=" " ind2=" " tag="852"><subfield code="a">496</subfield><subfield code="c">516</subfield></datafield><datafield ind1=" " ind2=" " tag="CAT"><subfield code="a">Sys</subfield><subfield code="c">20080610</subfield><subfield code="h">102304</subfield></datafield></record></collection>